%% LaTeX2e file `lab4.bib'
%% generated by the `filecontents' environment
%% from source `lab4' on 2017/09/20.
%%

@inproceedings{Castor:2011:STM:2095050.2095071,
	Acmid = {2095071},
	Address = {New York, NY, USA},
	Author = {Castor, Fernando and Oliveira, Jo\~{a}o Paulo and Santos, Andr{\'e} L.M.},
	Booktitle = {Proceedings of the Compilation of the Co-located Workshops on DSM'11, TMC'11, AGERE! 2011, AOOPES'11, NEAT'11, \& VMIL'11},
	Date-Added = {2017-09-20 21:34:58 +0000},
	Date-Modified = {2017-09-20 21:34:58 +0000},
	Doi = {10.1145/2095050.2095071},
	Isbn = {978-1-4503-1183-0},
	Keywords = {haskell, locks, software transactional memory},
	Location = {Portland, Oregon, USA},
	Numpages = {6},
	Pages = {117--122},
	Publisher = {ACM},
	Series = {SPLASH '11 Workshops},
	Title = {Software Transactional Memory vs. Locking in a Functional Language: A Controlled Experiment},
	Url = {http://doi.acm.org/10.1145/2095050.2095071},
	Year = {2011},
	Bdsk-Url-1 = {http://doi.acm.org/10.1145/2095050.2095071},
	Bdsk-Url-2 = {http://dx.doi.org/10.1145/2095050.2095071}
}


@inproceedings{Gottschlich:2010:EST:1772954.1772970,
	Acmid = {1772970},
	Address = {New York, NY, USA},
	Author = {Gottschlich, Justin E. and Vachharajani, Manish and Siek, Jeremy G.},
	Booktitle = {Proceedings of the 8th Annual IEEE/ACM International Symposium on Code Generation and Optimization},
	Date-Added = {2017-09-20 21:50:47 +0000},
	Date-Modified = {2017-09-20 21:50:47 +0000},
	Doi = {10.1145/1772954.1772970},
	Isbn = {978-1-60558-635-9},
	Keywords = {commit-time invalidation, software transactional memory},
	Location = {Toronto, Ontario, Canada},
	Numpages = {10},
	Pages = {101--110},
	Publisher = {ACM},
	Series = {CGO '10},
	Title = {An Efficient Software Transactional Memory Using Commit-time Invalidation},
	Url = {http://doi.acm.org/10.1145/1772954.1772970},
	Year = {2010},
	Bdsk-Url-1 = {http://doi.acm.org/10.1145/1772954.1772970},
	Bdsk-Url-2 = {http://dx.doi.org/10.1145/1772954.1772970}}

