@misc{WHILE_semantics_pdf,
  author = {Prof. Thomas H. Austin},
  title = {{Homework 2: Operational Semantics for WHILE}},
  howpublished = "\url{http://www.cs.sjsu.edu/~austin/cs252-fall17/hw/hw2/while-semantics.pdf}",
  year = 2017,
  note = "[Online; accessed 24-September-2017]"
}